@article{HengShowman2015,
  title={Atmospheric dynamics of hot exoplanets},
  author={Heng, Kevin and Showman, Adam P},
  journal={Annual Review of Earth and Planetary Sciences},
  volume={43},
  pages={509--540},
  year={2015},
  publisher={Annual Reviews}
}
@article{knutson2007map,
  title={A map of the day-night contrast of the extrasolar planet HD 189733b},
  author={Knutson, Heather A and Charbonneau, David and Allen, Lori E and Fortney, Jonathan J and Agol, Eric and Cowan, Nicolas B and Showman, Adam P and Cooper, Curtis S and Megeath, S Thomas},
  journal={arXiv preprint arXiv:0705.0993},
  year={2007}
}
@article{snellen2010orbital,
  title={The orbital motion, absolute mass, and high-altitude winds of exoplanet HD209458b},
  author={Snellen, Ignas AG and De Kok, Remco J and De Mooij, Ernst JW and Albrecht, Simon},
  journal={arXiv preprint arXiv:1006.4364},
  year={2010}
}
@article{baraffe2009physical,
  title={The physical properties of extra-solar planets},
  author={Baraffe, Isabelle and Chabrier, Gilles and Barman, Travis},
  journal={Reports on Progress in Physics},
  volume={73},
  number={1},
  pages={016901},
  year={2009},
  publisher={IOP Publishing}
}
@article{bodenheimer2003radii,
  title={On the radii of extrasolar giant planets},
  author={Bodenheimer, Peter and Laughlin, Gregory and Lin, Douglas NC},
  journal={The Astrophysical Journal},
  volume={592},
  number={1},
  pages={555},
  year={2003},
  publisher={IOP Publishing}
}
@article{bodenheimer2001tidal,
  title={On the tidal inflation of short-period extrasolar planets},
  author={Bodenheimer, Peter and Lin, DNC and Mardling, RA},
  journal={The Astrophysical Journal},
  volume={548},
  number={1},
  pages={466},
  year={2001},
  publisher={IOP Publishing}
}
@article{showman2002atmospheric,
  title={Atmospheric circulation and tides of “51 Pegasus b-like” planets},
  author={Showman, Adam P and Guillot, Tristan},
  journal={Astronomy \& Astrophysics},
  volume={385},
  number={1},
  pages={166--180},
  year={2002},
  publisher={EDP Sciences}
}
@article{showman2008atmospheric,
  title={Atmospheric circulation of hot Jupiters: Three-dimensional circulation models of HD 209458b and HD 189733b with simplified forcing},
  author={Showman, Adam P and Cooper, Curtis S and Fortney, Jonathan J and Marley, Mark S},
  journal={The Astrophysical Journal},
  volume={682},
  number={1},
  pages={559},
  year={2008},
  publisher={IOP Publishing}
}
@article{batygin2010inflating,
  title={Inflating hot Jupiters with ohmic dissipation},
  author={Batygin, Konstantin and Stevenson, David J},
  journal={The Astrophysical Journal Letters},
  volume={714},
  number={2},
  pages={L238},
  year={2010},
  publisher={IOP Publishing}
}
@article{dobbs2008atmospheric,
  title={Atmospheric dynamics of short-period extrasolar gas giant planets. I. Dependence of nightside temperature on opacity},
  author={Dobbs-Dixon, Ian and Lin, DNC},
  journal={The Astrophysical Journal},
  volume={673},
  number={1},
  pages={513},
  year={2008},
  publisher={IOP Publishing}
}
@article{rauscher2010three,
  title={Three-dimensional modeling of hot Jupiter atmospheric flows},
  author={Rauscher, Emily and Menou, Kristen},
  journal={The Astrophysical Journal},
  volume={714},
  number={2},
  pages={1334},
  year={2010},
  publisher={IOP Publishing}
}
@article{fromang2016shear,
  title={Shear-driven instabilities and shocks in the atmospheres of hot Jupiters},
  author={Fromang, S{\'e}bastien and Leconte, Jeremy and Heng, Kevin},
  journal={Astronomy \& Astrophysics},
  volume={591},
  pages={A144},
  year={2016},
  publisher={EDP Sciences}
}
@article{heng2011atmospheric,
  title={Atmospheric circulation of tidally locked exoplanets: a suite of benchmark tests for dynamical solvers},
  author={Heng, Kevin and Menou, Kristen and Phillipps, Peter J},
  journal={Monthly Notices of the Royal Astronomical Society},
  volume={413},
  number={4},
  pages={2380--2402},
  year={2011},
  publisher={Blackwell Publishing Ltd Oxford, UK}
}
@article{matsuno1966,
  title={Quasi-geostrophic motions in the equatorial area},
  author={Matsuno, Taroh},
  journal={Journal of the Meteorological Society of Japan. Ser. II},
  volume={44},
  number={1},
  pages={25--43},
  year={1966},
  publisher={Meteorological Society of Japan}
}
@article{gill1980,
  title={Some simple solutions for heat-induced tropical circulation},
  author={Gill, A\_E},
  journal={Quarterly Journal of the Royal Meteorological Society},
  volume={106},
  number={449},
  pages={447--462},
  year={1980},
  publisher={Wiley Online Library}
}
@article{showman2010,
  title={The Matsuno-Gill model and equatorial superrotation},
  author={Showman, Adam P and Polvani, Lorenzo M},
  journal={Geophysical Research Letters},
  volume={37},
  number={18},
  year={2010},
  publisher={Wiley Online Library}
}
@article{showman2011,
  title={Equatorial superrotation on tidally locked exoplanets},
  author={Showman, Adam P and Polvani, Lorenzo M},
  journal={The Astrophysical Journal},
  volume={738},
  number={1},
  pages={71},
  year={2011},
  publisher={IOP Publishing}
}
@article{tsai2014,
  title={Three-dimensional structures of equatorial waves and the resulting super-rotation in the atmosphere of a tidally locked hot Jupiter},
  author={Tsai, Shang-Min and Dobbs-Dixon, Ian and Gu, Pin-Gao},
  journal={The Astrophysical Journal},
  volume={793},
  number={2},
  pages={141},
  year={2014},
  publisher={IOP Publishing}
}
@article{perna2010a,
  title={Ohmic dissipation in the atmospheres of hot Jupiters},
  author={Perna, Rosalba and Menou, Kristen and Rauscher, Emily},
  journal={The Astrophysical Journal},
  volume={724},
  number={1},
  pages={313},
  year={2010},
  publisher={IOP Publishing}
}
@article{perna2010b,
  title={Magnetic drag on hot Jupiter atmospheric winds},
  author={Perna, Rosalba and Menou, Kristen and Rauscher, Emily},
  journal={The Astrophysical Journal},
  volume={719},
  number={2},
  pages={1421},
  year={2010},
  publisher={IOP Publishing}
}
@article{rauscher2013,
  title={Three-dimensional atmospheric circulation models of HD 189733b and HD 209458b with consistent magnetic drag and ohmic dissipation},
  author={Rauscher, Emily and Menou, Kristen},
  journal={The Astrophysical Journal},
  volume={764},
  number={1},
  pages={103},
  year={2013},
  publisher={IOP Publishing}
}
@article{batygin2013,
  title={Magnetically controlled circulation on hot extrasolar planets},
  author={Batygin, Konstantin and Stanley, Sabine and Stevenson, David J},
  journal={The Astrophysical Journal},
  volume={776},
  number={1},
  pages={53},
  year={2013},
  publisher={IOP Publishing}
}
@article{rogers2014,
  title={Magnetohydrodynamic simulations of the atmosphere of HD 209458b},
  author={Rogers, TM and Showman, AP},
  journal={The Astrophysical Journal Letters},
  volume={782},
  number={1},
  pages={L4},
  year={2014},
  publisher={IOP Publishing}
}